<?xml version="1.0" encoding="UTF-8"?><record xmlns="http://www.loc.gov/MARC21/slim" xmlns:cinclude="http://apache.org/cocoon/include/1.0" xmlns:zs="http://www.loc.gov/zing/srw/">
  <leader>00877cz  a2200217n  4500</leader>
  <controlfield tag="001">n  88263835 </controlfield>
  <controlfield tag="003">DLC</controlfield>
  <controlfield tag="005">20080919080634.0</controlfield>
  <controlfield tag="008">890407n| acannaabn          |b aaa      </controlfield>
  <datafield tag="010" ind1=" " ind2=" ">
    <subfield code="a">n  88263835 </subfield>
  </datafield>
  <datafield tag="035" ind1=" " ind2=" ">
    <subfield code="a">(OCoLC)oca02497224</subfield>
  </datafield>
  <datafield tag="040" ind1=" " ind2=" ">
    <subfield code="a">DLC</subfield>
    <subfield code="b">eng</subfield>
    <subfield code="c">DLC</subfield>
    <subfield code="d">DLC</subfield>
    <subfield code="d">OCoLC</subfield>
  </datafield>
  <datafield tag="053" ind1=" " ind2="0">
    <subfield code="a">PJ5054.M5866</subfield>
  </datafield>
  <datafield tag="100" ind1="1" ind2=" ">
    <subfield code="a">Mosenson, Vered</subfield>
  </datafield>
  <datafield tag="400" ind1="1" ind2=" ">
    <subfield code="a">Mosenzon, Ṿered</subfield>
  </datafield>
  <datafield tag="400" ind1="1" ind2=" ">
    <subfield code="a">מוסנזון, ורד</subfield>
  </datafield>
  <datafield tag="667" ind1=" " ind2=" ">
    <subfield code="a">Machine-derived non-Latin script reference project.</subfield>
  </datafield>
  <datafield tag="667" ind1=" " ind2=" ">
    <subfield code="a">Non-Latin script reference not evaluated.</subfield>
  </datafield>
  <datafield tag="670" ind1=" " ind2=" ">
    <subfield code="a">Her Shirim kehim, c1981:</subfield>
    <subfield code="b">t.p. (Ṿered Mosenzon) copr. p. (Vered Mosenson [in rom.])</subfield>
  </datafield>
  <datafield tag="670" ind1=" " ind2=" ">
    <subfield code="a">Her G'ipsi, c1981:</subfield>
    <subfield code="b">t.p. (Ṿered Mosenzon [voc.]) p. 4 of cover (20 years old in 1981; resides in Ḳibuts Naʻan)</subfield>
  </datafield>
  <datafield tag="670" ind1=" " ind2=" ">
    <subfield code="a">Her Hivtaḥti le-saper lakh ha-kol, c2001:</subfield>
    <subfield code="b">t.p. (Ṿered Mosenzon) p. 4 of cover (b. 1960 in Ḳibuts Naʻan)</subfield>
  </datafield>
</record>